<record><leader>00000cas a22000007a 4500</leader><controlfield tag="001">18997214</controlfield><controlfield tag="008">890110c19639999pauwr ne      0    0eng d</controlfield><datafield ind1=" " ind2=" " tag="010"><subfield code="a">sn 89077841 </subfield></datafield><datafield ind1=" " ind2=" " tag="040"><subfield code="a">NPH</subfield><subfield code="b">eng</subfield><subfield code="c">NPH</subfield><subfield code="d">OCLCQ</subfield></datafield><datafield ind1=" " ind2=" " tag="042"><subfield code="a">msc</subfield></datafield><datafield ind1="0" ind2=" " tag="130"><subfield code="a">Town talk (Media, Pa. : Central Delaware County ed.)</subfield></datafield><datafield ind1="1" ind2="0" tag="245"><subfield code="a">Town talk.</subfield></datafield><datafield ind1=" " ind2=" " tag="250"><subfield code="a">Central Delaware County ed.</subfield></datafield><datafield ind1=" " ind2=" " tag="260"><subfield code="a">Media, Pa. :</subfield><subfield code="b">Joseph B. Krug, Edward Berman</subfield></datafield><datafield ind1=" " ind2=" " tag="300"><subfield code="a">v. :</subfield><subfield code="b">ill. ;</subfield><subfield code="c">43 cm.</subfield></datafield><datafield ind1=" " ind2=" " tag="310"><subfield code="a">Weekly</subfield></datafield><datafield ind1="1" ind2=" " tag="362"><subfield code="a">Began in 1963?</subfield></datafield><datafield ind1=" " ind2=" " tag="500"><subfield code="a">"Now in our seventeenth year of serving the community."</subfield></datafield><datafield ind1=" " ind2=" " tag="500"><subfield code="a">"Serving every home in Central Delaware County every week with the latest in local news and advertising."</subfield></datafield><datafield ind1=" " ind2=" " tag="500"><subfield code="a">Published in various editions.</subfield></datafield><datafield ind1=" " ind2=" " tag="588"><subfield code="a">Description based on: Vol. 18, no. 1 (Jan. 2, 1980).</subfield></datafield><datafield ind1=" " ind2=" " tag="752"><subfield code="a">United States</subfield><subfield code="b">Pennsylvania</subfield><subfield code="c">Delaware</subfield><subfield code="d">Media.</subfield></datafield><datafield ind1=" " ind2=" " tag="752"><subfield code="a">United States</subfield><subfield code="b">Pennsylvania</subfield><subfield code="c">Chester</subfield><subfield code="d">Westtown.</subfield></datafield></record>